@article{landau1937theory,
  title={On the theory of phase transitions},
  author={Landau, Lev Davidovich and others},
  journal={Zh. eksp. teor. Fiz},
  volume={7},
  number={19-32},
  pages={926},
  year={1937}
}
@book{landau1980statistical,
  title={Statistical physics: theory of the condensed state},
  author={Landau, Lev Davidovich and Lifshitz, Evgenii Mikhailovich and Lifshitz, Evgenii Mikhalovich and Pitaevskii, LP},
  volume={9},
  year={1980},
  publisher={Butterworth-Heinemann}
}
@article{tsui1982two,
  title={Two-dimensional magnetotransport in the extreme quantum limit},
  author={Tsui, Daniel C and Stormer, Horst L and Gossard, Arthur C},
  journal={Physical Review Letters},
  volume={48},
  number={22},
  pages={1559},
  year={1982},
  publisher={APS}
}
@article{klitzing1980new,
  title={New method for high-accuracy determination of the fine-structure constant based on quantized Hall resistance},
  author={Klitzing, K v and Dorda, Gerhard and Pepper, Michael},
  journal={Physical review letters},
  volume={45},
  number={6},
  pages={494},
  year={1980},
  publisher={APS}
}
@article{thouless1982quantized,
  title={Quantized Hall conductance in a two-dimensional periodic potential},
  author={Thouless, David J and Kohmoto, Mahito and Nightingale, M Peter and den Nijs, Marcel},
  journal={Physical review letters},
  volume={49},
  number={6},
  pages={405},
  year={1982},
  publisher={APS}
}
@article{laughlin1983anomalous,
  title={Anomalous quantum Hall effect: an incompressible quantum fluid with fractionally charged excitations},
  author={Laughlin, Robert B},
  journal={Physical Review Letters},
  volume={50},
  number={18},
  pages={1395},
  year={1983},
  publisher={APS}
}
@article{lu2014topological,
  title={Topological photonics},
  author={Lu, Ling and Joannopoulos, John D and Solja{\v{c}}i{\'c}, Marin},
  journal={Nature photonics},
  volume={8},
  number={11},
  pages={821--829},
  year={2014},
  publisher={Nature Publishing Group UK London}
}
% use `texdoc biblatex` to get help
@www{zjuthesisrules,
    title = {浙江大学本科生毕业论文（设计）编写规则},
    author = {浙江大学本科生院},
    year = {2018},
    url = {http://bksy.zju.edu.cn/attachments/2018-01/01-1517384518-1149149.pdf},
}
@www{tikz,
    title = {tikz宏包},
    author = {Till Tantau},
    year = {2018},
    url = {https://sourceforge.net/projects/pgf/},
}
@www{zjuthesis,
    title = {浙江大学毕业设计/论文模板},
    author = {王子轩},
    year = {2019},
    url = {https://github.com/TheNetAdmin/zjuthesis},
}
@www{zjugradthesisrules,
    title = {浙江大学研究生学位论文编写规则},
    author = {浙江大学研究生院},
    year = {2008},
    url = {http://grs.zju.edu.cn/redir.php?catalog_id=10038&object_id=12877},
}